@inproceedings{Schulmanetal_ISRR2013,
  title = {\href{http://www.cs.berkeley.edu/~pabbeel/papers/SchulmanHoLeeAbbeel_ISRR2013.pdf}{Learning from Demonstrations through the Use of Non-Rigid Registration}},
  author = {John Schulman and Jonathan Ho and Cameron Lee and Pieter Abbeel},
  booktitle = {Proceedings of the 16th International Symposium on Robotics Research (ISRR)},
  year =  2013
}

@article{Wakamatsu_IJRR2006,
  added-at = {2012-11-13T00:00:00.000+0100},
  author = {Wakamatsu, Hidefumi and Arai, Eiji and Hirai, Shinichi},
  journal = {The Internatonal Journal of Robotics Research},
  number = 4,
  pages = {371-395},
  title = {\href{http://ijr.sagepub.com/content/25/4/371}{Knotting/Unknotting Manipulation of Deformable Linear Objects.}},
  volume = 25,
  year = 2006
}

@incollection{Saha_ExpRobotics2008,
  year={2008},
  xxisbn={978-3-540-77456-3},
  booktitle={Experimental Robotics},
  volume={39},
  series={Springer Tracts in Advanced Robotics},
  editor={Khatib, Oussama and Kumar, Vijay and Rus, Daniela},
  xxdoi={10.1007/978-3-540-77457-0_3},
  title={\href{http://dx.doi.org/10.1007/978-3-540-77457-0_3}{Motion Planning for Robotic Manipulation of Deformable Linear Objects}},
  publisher={Springer Berlin Heidelberg},
  author={Saha, Mitul and Isto, Pekka and Latombe, Jean-Claude},
  pages={23-32}
}

@phdthesis{Bell_PhD2010,
 author = {Bell, Matthew},
 advisor = {Balkcom, Devin},
 title = {\href{http://www.cs.dartmouth.edu/~devin/papers/TR2010-663.pdf}{Flexible Object Manipulation}},
 year = {2010},
 isbn = {978-1-109-70333-7},
 xxnote = {AAI3397916},
 publisher = {Dartmouth College},
 address = {Hanover, NH, USA},
} 

@inproceedings{Morita_ICRA2003,
  author = {Morita, Takuma and Takamatsu, Jun and Ogawara, Koichi and Kimura, Hiroshi and Ikeuchi, Katsushi},
  booktitle = {ICRA},
  #crossref = {conf/icra/2003},
  pages = {3887-3892},
  publisher = {IEEE},
  title = {\href{http://ieeexplore.ieee.org/xpl/articleDetails.jsp?arnumber=1242193}{Knot planning from observation.}},
  year = 2003
}

@article{Takamatsu_TransRob2006,
 author = {Takamatsu, J. and Morita, T. and Ogawara, K. and Kimura, H. and Ikeuchi, K.},
 title = {\href{http://dx.doi.org/10.1109/TRO.2005.855988}{Representation for Knot-tying Tasks}},
 journal = {Trans. Rob.},
 issue_date = {November 2006},
 volume = {22},
 number = {1},
 month = nov,
 year = {2006},
 xxissn = {1552-3098},
 pages = {65--78},
 xxnumpages = {14},
 url = {http://dx.doi.org/10.1109/TRO.2005.855988},
 xxdoi = {10.1109/TRO.2005.855988},
 xxacmid = {2211844},
 publisher = {IEEE Press},
 address = {Piscataway, NJ, USA},
 xxkeywords = {Knot-tying task, Reidemeister moves, learning from observation (LFO), movement primitives, state representation (P-data)},
}

@inproceedings{Dvijotham_ICML2010,
  author = {Krishnamurthy Dvijotham and Emanuel Todorov},
  title = {Inverse Optimal Control with Linearly-Solvable {MDP}s},
  booktitle = {Proceedings of the 27th International Conference on Machine Learning (ICML-10)},
  year = 2010
}